<?xml version="1.0" encoding="UTF-8"?><collection xmlns="http://www.loc.gov/MARC21/slim"><record><leader>00591nam--2200193-i-4500</leader><controlfield tag="001">000000300</controlfield><controlfield tag="002">20161230</controlfield><controlfield tag="005">20170107171311</controlfield><controlfield tag="008">060222s1000------------r-----000-0-ger-d</controlfield><datafield ind1=" " ind2=" " tag="040"><subfield code="a">IFIN-HH</subfield></datafield><datafield ind1=" " ind2=" " tag="041"><subfield code="a">ger</subfield></datafield><datafield ind1=" " ind2=" " tag="080"><subfield code="a">539.1</subfield></datafield><datafield ind1="1" ind2=" " tag="110"><subfield code="a">Akademia Nauk SSSR</subfield></datafield><datafield ind1="1" ind2="0" tag="245"><subfield code="a">Strucktur und formen der materie</subfield><subfield code="b">Dialektischer materialismus und moderne naturwissenschaft</subfield></datafield><datafield ind1=" " ind2=" " tag="260"><subfield code="a">Berlin</subfield><subfield code="b">Ver Deutscher Verlag Der Wissenschaften</subfield><subfield code="c">1969</subfield></datafield><datafield ind1=" " ind2=" " tag="300"><subfield code="a">559 p</subfield></datafield><datafield ind1=" " ind2=" " tag="500"><subfield code="a">Titlul Original In Limba Germana: Skruktura I Formi Materii</subfield></datafield><datafield ind1=" " ind2=" " tag="852"><subfield code="a">31863</subfield><subfield code="c">539</subfield></datafield><datafield ind1=" " ind2=" " tag="CAT"><subfield code="a">SYS</subfield><subfield code="c">20170107</subfield><subfield code="h">171311</subfield></datafield></record></collection>